// TODO: Atualizar referÃªncias
// - Chris Okasaki
// - Matt Might
@misc{wikipedia_red_black_tree,
	author = {{Contribuidores da Wikipedia}},
	title = {Red-black tree},
	year = {2024},
	url = {https://en.wikipedia.org/wiki/Merge\_sort},
	note = {[Acessado: 08 de Janeiro, 2024]},
}
